@inproceedings{ElsmanDybdal:Array:2014,
 author = {Martin Elsman and Martin Dybdal},
 title = {Compiling a Subset of {APL} Into a Typed Intermediate Language},
 booktitle = {Proceedings of the 1st ACM SIGPLAN International Workshop on Libraries, Languages and Compilers for Array Programming},
 series = {ARRAY'14},
 year = {2014},
 publisher = {ACM}
}

@techreport{APLACC,
    author    = {Michael Budde},
    title = {Compiling APL to Accelerate Through a Typed IL},
    institution = {Department of Computer Science, University of Copenhagen},
    type     = {MSc project}, 
    year      = {2014},
    month    = {November},
}

@mastersthesis{TroelsHenriksen,
    author    = "Troels Henriksen",
    title     = "Exploiting Functional Invariants to Optimise Parallelism: a dataflow approach",
    school    = "Department of Computer Science, University of Copenhagen",
    type     = "MSc thesis",
    year      = "2014",
    month    = "February",
}